<record><leader>00000cas a2200000 a 4500</leader><controlfield tag="001">12099194</controlfield><controlfield tag="008">850531d18971901ksudr ne      0    0ger d</controlfield><datafield ind1=" " ind2=" " tag="010"><subfield code="a">sn 85029334 </subfield></datafield><datafield ind1=" " ind2=" " tag="040"><subfield code="a">KSH</subfield><subfield code="b">eng</subfield><subfield code="c">KSH</subfield><subfield code="d">NPT</subfield><subfield code="d">OCL</subfield><subfield code="d">OCLCQ</subfield></datafield><datafield ind1=" " ind2=" " tag="042"><subfield code="a">msc</subfield></datafield><datafield ind1="0" ind2=" " tag="130"><subfield code="a">Leavenworth tribune (Leavenworth, Kan. : 1897)</subfield></datafield><datafield ind1="1" ind2="0" tag="245"><subfield code="a">Leavenworth tribune.</subfield></datafield><datafield ind1=" " ind2=" " tag="260"><subfield code="a">Leavenworth, Kan. :</subfield><subfield code="b">German Print. &amp; Pub. Co.,</subfield><subfield code="c">1897-1901.</subfield></datafield><datafield ind1=" " ind2=" " tag="300"><subfield code="a">3 v. :</subfield><subfield code="b">ill. ;</subfield><subfield code="c">55-60 cm.</subfield></datafield><datafield ind1=" " ind2=" " tag="310"><subfield code="a">Daily (except Sunday)</subfield></datafield><datafield ind1="0" ind2=" " tag="362"><subfield code="a">Jahrg. 11, Nr. 3110 (Sept. 2, 1897)-Jahrg. 14, Nr. 5106 (Apr. 30, 1901).</subfield></datafield><datafield ind1=" " ind2=" " tag="500"><subfield code="a">Published by: Latte Bros., Feb. 1-May 18, 1900; Louis Latte, May 19-Aug. 2, 1900; Franz F. Metichan, Aug. 3, 1900-Apr. 30, 1901.</subfield></datafield><datafield ind1=" " ind2=" " tag="580"><subfield code="a">Also issued a weekly English edition called Leavenworth post (Leavenworth, Kan. : 1896), Sept. 2-Dec. 31, 1897; weekly German edition called: Leavenworth tribune (Leavenworth, Kan. : 1887).</subfield></datafield><datafield ind1=" " ind2=" " tag="752"><subfield code="a">United States</subfield><subfield code="b">Kansas</subfield><subfield code="c">Leavenworth</subfield><subfield code="d">Leavenworth.</subfield></datafield><datafield ind1="1" ind2=" " tag="775"><subfield code="a">Leavenworth post (Leavenworth, Kan. : 1896)</subfield><subfield code="w">(DLC)sn 85029292</subfield></datafield><datafield ind1="1" ind2=" " tag="775"><subfield code="a">Leavenworth tribune (Leavenworth, Kan. : 1887)</subfield><subfield code="w">(DLC)sn 85029270</subfield></datafield><datafield ind1="0" ind2="0" tag="780"><subfield code="t">Leavenworth post (Leavenworth, Kan. : 1887)</subfield><subfield code="w">(DLC)sn 85029314</subfield></datafield><datafield ind1="0" ind2="7" tag="785"><subfield code="t">Leavenworth chronicle (Leavenworth, Kan. : 1900)</subfield><subfield code="w">(DLC)sn 85029312</subfield></datafield><datafield ind1="0" ind2="7" tag="785"><subfield code="t">Chronicle-tribune</subfield><subfield code="w">(DLC)sn 85029313</subfield></datafield></record>